<?xml version="1.0" encoding="UTF-8"?>
<record xmlns="http://www.loc.gov/MARC21/slim" xmlns:xsi="http://www.w3.org/2001/XMLSchema-instance" xsi:schemaLocation="http://www.loc.gov/MARC21/slim http://www.loc.gov/standards/marcxml/schema/MARC21slim.xsd">
<leader>00000cam a22      a 4500</leader>
<controlfield tag="001">002001153</controlfield>
<controlfield tag="003">NNU</controlfield>
<controlfield tag="005">20150410164128.0</controlfield>
<controlfield tag="008">920416s1957    sy            000 0 ara d</controlfield>
<datafield tag="035" ind1=" " ind2=" ">
<subfield code="a">(OCoLC)477178501</subfield>
</datafield>
<datafield tag="040" ind1=" " ind2=" ">
<subfield code="a">NNU</subfield>
<subfield code="b">eng</subfield>
<subfield code="c">N15</subfield>
</datafield>
<datafield tag="050" ind1=" " ind2="4">
<subfield code="a">PJ7832.U69</subfield>
<subfield code="b">F4 1957</subfield>
</datafield>
<datafield tag="100" ind1="1" ind2=" ">
<subfield code="6">880-01</subfield>
<subfield code="a">Ḥusāmī, Nadhīr.</subfield>
</datafield>
<datafield tag="245" ind1="1" ind2="0">
<subfield code="6">880-02</subfield>
<subfield code="a">Fī saʻīr al-maʻrakah :</subfield>
<subfield code="b">shiʻr /</subfield>
<subfield code="c">Nadhīr al-Ḥuṣāmī.</subfield>
</datafield>
<datafield tag="260" ind1=" " ind2=" ">
<subfield code="6">880-03</subfield>
<subfield code="a">[Ḥomṣ? :</subfield>
<subfield code="b">s.n.],</subfield>
<subfield code="c">1957</subfield>
<subfield code="e">(Ḥimṣ :</subfield>
<subfield code="f">Maṭābiʻ al-Fajr al-Ḥadīthah)</subfield>
</datafield>
<datafield tag="300" ind1=" " ind2=" ">
<subfield code="a">3, 7, 183 p. ;</subfield>
<subfield code="c">19 cm.</subfield>
</datafield>
<datafield tag="500" ind1=" " ind2=" ">
<subfield code="a">Cover title.</subfield>
</datafield>
<datafield tag="880" ind1="1" ind2=" ">
<subfield code="6">100-01/</subfield>
<subfield code="a">حصامي، نذير.</subfield>
</datafield>
<datafield tag="880" ind1="1" ind2="0">
<subfield code="6">245-02/</subfield>
<subfield code="a">في سعير المعركة :</subfield>
<subfield code="b">شعر /</subfield>
<subfield code="c">نذير الحصامي.</subfield>
</datafield>
<datafield tag="880" ind1=" " ind2=" ">
<subfield code="6">260-03/</subfield>
<subfield code="a">[حمص؟ :</subfield>
<subfield code="b">س.ن.]،</subfield>
<subfield code="c">1957</subfield>
<subfield code="e">(حمص :</subfield>
<subfield code="f">مطابع الفجر الحديثه)</subfield>
</datafield>
<datafield tag="OWN" ind1=" " ind2=" ">
<subfield code="a">GENERAL</subfield>
</datafield>
<datafield tag="AVA" ind1=" " ind2=" ">
<subfield code="a">NYU50</subfield>
<subfield code="b">BOBST</subfield>
<subfield code="c">Main Collection</subfield>
<subfield code="d">PJ7832.U69 F4 1957</subfield>
<subfield code="e">unavailable</subfield>
<subfield code="t">Unavailable</subfield>
<subfield code="f">1</subfield>
<subfield code="g">1</subfield>
<subfield code="h">N</subfield>
<subfield code="i">0</subfield>
<subfield code="j">MAIN</subfield>
<subfield code="k">0</subfield>
</datafield>
</record>
